%%%%%%%%%%%%%%%%%%%%%%%%%%%%%%%%%%%%%%%%%
%%   Blockchain Software Engineering   %%
%%%%%%%%%%%%%%%%%%%%%%%%%%%%%%%%%%%%%%%%%

@inproceedings{towards_blockchain_tactics,
  author = {Wessling, Florian and Ehmke, Christopher and Meyer, Ole and Gruhn, Volker},
  booktitle = {2019 IEEE International Conference on Software Architecture Companion (ICSA-C)},
  title = {Towards Blockchain Tactics: Building Hybrid Decentralized Software Architectures},
  year = {2019},
  pages = {234--237},
  doi = {10.1109/ICSA-C.2019.00048}
}

@inproceedings{building_hybrid_dapps_using_blockchain_tactics,
  author = {Blum, Florian and Severin, Benedikt and Hettmer, Michael and Hückinghaus, Philipp and Gruhn, Volker},
  booktitle = {2020 IEEE International Conference on Blockchain and Cryptocurrency (ICBC)},
  title = {Building Hybrid DApps using Blockchain Tactics -The Meta-Transaction Example},
  year = {2020},
  pages = {1--5}, 
  doi = {10.1109/ICBC48266.2020.9169423}
}

@inproceedings{how_much_blockchain_do_you_need,
  author = {Wessling, Florian and Ehmke, Christopher and Hesenius, Marc and Gruhn, Volker},
  booktitle = {2018 IEEE/ACM 1st International Workshop on Emerging Trends in Software Engineering for Blockchain (WETSEB)},
  title = {How Much Blockchain Do You Need? Towards a Concept for Building Hybrid DApp Architectures},
  year = {2018},
  pages = {44--47}
}

@inproceedings{engineering_software_architectures_of_BO_Apps,
  author = {Wessling, Florian and Gruhn, Volker},
  booktitle = {2018 IEEE International Conference on Software Architecture Companion (ICSA-C)},
  title = {Engineering Software Architectures of Blockchain-Oriented Applications},
  year = {2018},
  pages = {45--46},
  doi = {10.1109/ICSA-C.2018.00019}
}

@inproceedings{blockchain_oriented_software_engineering,
  author={Porru, Simone and Pinna, Andrea and Marchesi, Michele and Tonelli, Roberto},
  booktitle={2017 IEEE/ACM 39th International Conference on Software Engineering Companion (ICSE-C)},
  title={Blockchain-Oriented Software Engineering: Challenges and New Directions},
  year={2017},
  pages={169--171},
  doi={10.1109/ICSE-C.2017.142}
}

@inproceedings{security_patterns_in_ethereum,
  author={Wohrer, Maximilian and Zdun, Uwe},
  booktitle={2018 International Workshop on Blockchain Oriented Software Engineering (IWBOSE)},
  title={Smart contracts: security patterns in the ethereum ecosystem and solidity},
  year={2018},
  pages={2--8},
  doi={10.1109/IWBOSE.2018.8327565}
}

@book{chaos_engineering,
  title = {Chaos Engineering: System Resiliency in Practice},
  author = {Rosenthal, C. and Jones, N.},
  isbn = {9781492043836},
  url = {https://books.google.at/books?id=iVjbDwAAQBAJ},
  year = {2020},
  publisher = {O'Reilly Media}
}

@book{clean_architecture,
  author = {Martin, Robert C.},
  title = {Clean Architecture: A Craftsman's Guide to Software Structure and Design},
  year = {2017},
  isbn = {0134494164},
  publisher = {Prentice Hall Press},
  address = {USA},
  edition = {1st}
}

@book{swebok,
  added-at = {2015-11-14T19:42:45.000+0100},
  address = {Los Alamitos, CA},
  biburl = {https://www.bibsonomy.org/bibtex/20a639ccf1021eb07ebe986475b2b4ea7/flint63},
  edition = {Version 3.0},
  editor = {Bourque, Pierre and Fairley, Richard E.},
  file = {IEEE Digital Library:2014/SWEBOK2014.pdf:PDF},
  groups = {public},
  interhash = {71f2a73744854489fa230b28723bbf1f},
  intrahash = {0a639ccf1021eb07ebe986475b2b4ea7},
  isbn = {978-0-7695-5166-1},
  keywords = {01841 103 ieee book software engineering guide},
  publisher = {IEEE Computer Society},
  timestamp = {2018-04-16T12:18:50.000+0200},
  title = {{SWEBOK}: Guide to the Software Engineering Body of Knowledge},
  url = {http://www.swebok.org/},
  username = {flint63},
  year = {2014}
}

@book{software_engineering,
  added-at = {2017-05-14T14:19:12.000+0200},
  address = {Harlow, England},
  author = {Sommerville, Ian},
  biburl = {https://www.bibsonomy.org/bibtex/2094b37a4bb8b242d7694cdc9142e0d80/flint63},
  edition = 9,
  file = {eBook:2010/Sommerville10.pdf:PDF;Amazon Search inside:http\://www.amazon.de/gp/reader/0137035152/:URL},
  groups = {public},
  interhash = {3cb472cdd9d5e4f37480b38846de450e},
  intrahash = {094b37a4bb8b242d7694cdc9142e0d80},
  isbn = {978-0-13-703515-1},
  keywords = {01841 105 book shelf software engineering development intro},
  publisher = {Addison-Wesley},
  timestamp = {2018-04-16T12:01:54.000+0200},
  title = {Software Engineering},
  username = {flint63},
  year = {2010}
}

@Book{design_patterns,
  title = {Entwurfsmuster -- Das umfassende Handbuch},
  booktitle = {Entwurfsmuster -- Das umfassende Handbuch},
  author = {Matthias Geirhos},
  isbn = {9783836227629},
  url = {https://www.rheinwerk-verlag.de/entwurfsmuster-das-umfassende-handbuch/},
  year = {2015},
  publisher = {Rheinwerk Computing},
  address = {Rheinwerkallee 4, 53227 Bonn, Germany}
}


%%%%%%%%%%%%%%%%%%%%%%%%%%%%%%%%%%%%%%%%%
%%         Onchain vs Offchain         %%
%%%%%%%%%%%%%%%%%%%%%%%%%%%%%%%%%%%%%%%%%

@inproceedings{eberhardt18off_model_approac_off_comput,
  author = {Jacob Eberhardt and Jonathan Heiss},
  title = {Off-chaining Models and Approaches to Off-chain Computations},
  booktitle = {Proceedings of the 2nd Workshop on Scalable and Resilient Infrastructures for Distributed Ledgers},
  year = {2018},
  doi = {10.1145/3284764.3284766},
  url = {https://doi.org/10.1145/3284764.3284766},
  DATE_ADDED = {Thu May 27 16:45:00 2021},
  month = 12
}

@inbook{eberhardt17off_block,
  DATE_ADDED = {Thu May 27 16:24:42 2021},
  author = {Jacob Eberhardt and Stefan Tai},
  booktitle = {Service-Oriented and Cloud Computing},
  doi = {10.1007/978-3-319-67262-5_1},
  pages = {3--15},
  publisher = {Springer International Publishing},
  series = {Service-Oriented and Cloud Computing},
  title = {On or Off the Blockchain? Insights on Off-Chaining Computation and Data},
  url = {https://doi.org/10.1007/978-3-319-67262-5_1},
  year = {2017}
}

@article{interplanetary_file_system,
  author = {Juan Benet},
  title = {{IPFS} - Content Addressed, Versioned, {P2P} File System},
  journal = {CoRR},
  volume = {abs/1407.3561},
  year = {2014},
  url = {http://arxiv.org/abs/1407.3561},
  archivePrefix = {arXiv},
  eprint = {1407.3561},
  timestamp = {Mon, 13 Aug 2018 16:47:09 +0200},
  biburl = {https://dblp.org/rec/journals/corr/Benet14.bib},
  bibsource = {dblp computer science bibliography, https://dblp.org}
}


%%%%%%%%%%%%%%%%%%%%%%%%%%%%%%%%%%%%%%%%%
%%              Consensus              %%
%%%%%%%%%%%%%%%%%%%%%%%%%%%%%%%%%%%%%%%%%

@article{Turing1936,
  title = {On computable numbers, with an application to the Entscheidungsproblem},
  author = {Turing, Alan Mathison},
  journal = {J. of Math},
  volume = {58},
  pages = {345--363},
  year = {1936}
}

@book{kleppmann17desig,
  author = {Kleppmann, Martin},
  title = {Designing data-intensive applications: The big ideas behind reliable, scalable, and maintainable systems},
  year = 2017,
  publisher = {"O'Reilly Media, Inc."},
  date-modified = {2021-07-21 14:58:15 +0200},
}

@article{lamport2002,
  author = {Lamport, Leslie and Shostak, Robert and Pease, Marshall},
  year = {2002},
  month = {02},
  title = {The Byzantine Generals Problem},
  volume = {4},
  journal = {ACM Trans. Program. Lang. Syst.},
  doi = {10.1145/357172.357176}
}

@article{liskov1999,
  author = {Castro, Miguel and Liskov, Barbara},
  title = {Practical Byzantine Fault Tolerance},
  year = {1999},
  month = {03},
  journal = {OSDI}
}

@article{tendermint2018,
  author = {Ethan Buchman and Jae Kwon and Zarko Milosevic},
  title = {The latest gossip on {BFT} consensus},
  journal = {CoRR},
  volume = {abs/1807.04938},
  year = {2018},
  url = {http://arxiv.org/abs/1807.04938},
  archivePrefix = {arXiv},
  eprint = {1807.04938},
  timestamp = {Thu, 04 Mar 2021 15:40:35 +0100},
  biburl = {https://dblp.org/rec/journals/corr/abs-1807-04938.bib},
  bibsource = {dblp computer science bibliography, https://dblp.org}
}

@article{avalanche2019,
  author = {Team Rocket and Maofan Yin and Kevin Sekniqi and Robbert van Renesse and Emin G{\"{u}}n Sirer},
  title = {Scalable and Probabilistic Leaderless {BFT} Consensus through Metastability},
  journal = {CoRR},
  volume = {abs/1906.08936},
  year = {2019},
  url = {http://arxiv.org/abs/1906.08936},
  archivePrefix = {arXiv},
  eprint = {1906.08936},
  timestamp = {Mon, 24 Jun 2019 17:28:45 +0200},
  biburl = {https://dblp.org/rec/journals/corr/abs-1906-08936.bib},
  bibsource = {dblp computer science bibliography, https://dblp.org}
}

@article{consensus_comparison_2019,
  author = {Shahaab, A. and Lidgey, B. and Hewage, C. and Khan, I.},
  journal = {IEEE Access}, 
  title = {Applicability and Appropriateness of Distributed Ledgers Consensus Protocols in Public and Private Sectors: A Systematic Review}, 
  year = {2019},
  volume = {7},
  pages = {43622--43636},
  doi = {10.1109/ACCESS.2019.2904181}
}

@article{impossibility_result_1985,
  author = {Fischer, Michael J. and Lynch, Nancy A. and Paterson, Michael S.},
  title = {Impossibility of Distributed Consensus with One Faulty Process},
  year = {1985},
  issue_date = {April 1985},
  publisher = {Association for Computing Machinery},
  address = {New York, NY, USA},
  volume = {32},
  number = {2},
  issn = {0004-5411},
  url = {https://doi.org/10.1145/3149.214121},
  doi = {10.1145/3149.214121},
  journal = {J. ACM},
  month = apr,
  pages = {374–-382},
  numpages = {9}
}

@inproceedings{bessani14state_machin_replic_masses_bft_smart,
  author = {Bessani, Alysson and Sousa, Jo\~ao and Alchieri, Eduardo E.P.},
  title = {State Machine Replication for the Masses with BFT-SMART},
  booktitle = {2014 44th Annual IEEE/IFIP International Conference on Dependable Systems and Networks},
  year = {2014},
  pages = {355--362},
  doi = {10.1109/DSN.2014.43},
  url = {https://doi.org/10.1109/DSN.2014.43},
  Bdsk-Url-1 = {https://doi.org/10.1109/DSN.2014.43},
  date-modified ={2021-07-21 15:00:16 +0200},
}

@inproceedings{sousa12from_byzan_consen_bft_state_machin_replic,
  author = {Sousa, Jo\~ao and Bessani, Alysson},
  title = {From Byzantine Consensus to BFT State Machine Replication: A Latency-Optimal Transformation},
  booktitle = {2012 Ninth European Dependable Computing Conference},
  year = {2012},
  pages = {37--48},
  doi = {10.1109/EDCC.2012.32},
  url = {https://doi.org/10.1109/EDCC.2012.32},
  Bdsk-Url-1 = {https://doi.org/10.1109/EDCC.2012.32},
  date-modified = {2021-07-21 14:58:42 +0200},
}

@article{eyal2013,
  author = {Ittay Eyal and Emin G{\"{u}}n Sirer},
  title = {Majority is not Enough: Bitcoin Mining is Vulnerable},
  journal = {CoRR},
  volume = {abs/1311.0243},
  year = {2013},
  url = {http://arxiv.org/abs/1311.0243},
  archivePrefix = {arXiv},
  eprint = {1311.0243},
  timestamp = {Mon, 13 Aug 2018 16:46:18 +0200},
  biburl = {https://dblp.org/rec/journals/corr/EyalS13.bib},
  bibsource = {dblp computer science bibliography, https://dblp.org}
}

@inbook{aguilera2010,
  author = {Aguilera, Marcos K.},
  title = {Stumbling over Consensus Research: Misunderstandings and Issues},
  bookTitle ={Replication: Theory and Practice},
  year = {2010},
  publisher = {Springer Berlin Heidelberg},
  address = {Berlin, Heidelberg},
  pages = {59--72},
  isbn = {978-3-642-11294-2},
  doi = {10.1007/978-3-642-11294-2_4},
  url={https://doi.org/10.1007/978-3-642-11294-2_4}
}

@article{proof_of_stake,
  author = {Saleh, Fahad},
  year = {2020},
  month = {07},
  title = {Blockchain without Waste: Proof-of-Stake},
  volume = {34},
  journal = {The Review of Financial Studies},
  doi = {10.1093/rfs/hhaa075}
}

@article{lamport1978,
  author = {Lamport, Leslie},
  title = {Time, Clocks, and the Ordering of Events in a Distributed System},
  year = {1978},
  issue_date = {July 1978},
  publisher = {Association for Computing Machinery},
  address = {New York, NY, USA},
  volume = {21},
  number = {7},
  issn = {0001-0782},
  url = {https://doi.org/10.1145/359545.359563},
  doi = {10.1145/359545.359563},
  journal = {Commun. ACM},
  month = jul,
  pages = {558–-565},
  numpages = {8},
  keywords = {computer networks, clock synchronization, multiprocess systems, distributed systems}
}