%%% METHODOLOGY %%%
@Article{literature_review_stratton,
  author = {Stratton, Samuel},
  year = {2019},
  month = {08},
  pages = {347--349},
  title = {Literature Reviews: Methods and Applications},
  volume = {34},
  journal = {Prehospital and Disaster Medicine},
  doi = {10.1017/S1049023X19004588}
}

@Article{literature_review_rhoades,
  author = {Rhoades, Ellen and A., Ellen},
  year = {2011},
  month = {09},
  pages = {354--369},
  title = {Literature Reviews},
  volume = {111},
  journal = {The Volta Review},
  doi = {10.17955/tvr.111.1.677}
}

@Article{slr_collaborative_bpm_using_blockchain,
  author={Garcia-Garcia, Julian Alberto and Sánchez-Gómez, Nicolás and Lizcano, David and Escalona, M. J. and Wojdyński, Tomás},
  journal={IEEE Access}, 
  title={Using Blockchain to Improve Collaborative Business Process Management: Systematic Literature Review}, 
  year={2020},
  volume={8},
  number={},
  pages={142312--142336},
  doi={10.1109/ACCESS.2020.3013911}
}


%%% An Architecture for Multi-chain Business Process Choreographies %%%
@InProceedings{architecture_for_multi_chain_bp_ladleif,
    author="Ladleif, Jan
    and Friedow, Christian
    and Weske, Mathias",
    editor="Abramowicz, Witold
    and Klein, Gary",
    title="An Architecture for Multi-chain Business Process Choreographies",
    booktitle="Business Information Systems",
    year="2020",
    publisher="Springer International Publishing",
    address="Cham",
    pages="184--196",
    isbn="978-3-030-53337-3"
}


%%% Untrusted Business Process Monitoring and Execution Using Blockchain %%%
@InProceedings{untrusted_bp_execution_using_blockchain,
    author="Weber, Ingo and Xu, Xiwei and Riveret, R{\'e}gis and Governatori, Guido and Ponomarev, Alexander and Mendling, Jan",
    editor="La Rosa, Marcello and Loos, Peter and Pastor, Oscar",
    title="Untrusted Business Process Monitoring and Execution Using Blockchain",
    booktitle="Business Process Management",
    year="2016",
    doi = {https://doi.org/10.1007/978-3-319-45348-4_19},
    publisher="Springer International Publishing",
    address="Cham",
    pages="329--347",
    isbn="978-3-319-45348-4"
}

@InProceedings{modeling_blockchain_based_choreographies,
    author="Ladleif, Jan
    and Weske, Mathias
    and Weber, Ingo",
    editor="Hildebrandt, Thomas
    and van Dongen, Boudewijn F.
    and R{\"o}glinger, Maximilian
    and Mendling, Jan",
    title="Modeling and Enforcing Blockchain-Based Choreographies",
    booktitle="Business Process Management",
    year="2019",
    publisher="Springer International Publishing",
    address="Cham",
    pages="69--85",
    isbn="978-3-030-26619-6"
}

@Article{impact_of_trust_on_supply_chains,
    author = {Panayides, Photis and Lun, Y.H.},
    year = {2009},
    month = {11},
    pages = {35--46},
    title = {The Impact of Trust on Innovativeness and Supply Chain Performance},
    volume = {122},
    journal = {International Journal of Production Economics},
    doi = {10.1016/j.ijpe.2008.12.025}
}

@InProceedings{monitoring_financial_stability_cryptocurrencies,
    author={Saadah, Siti and Ahmad Whafa, A.A},
    booktitle={2020 International Conference on Data Science and Its Applications (ICoDSA)},
    title={Monitoring Financial Stability Based on Prediction of Cryptocurrencies Price Using Intelligent Algorithm},
    year={2020},
    month={08},
    pages={1--10},
    doi={10.1109/ICoDSA50139.2020.9212968}
}

@InProceedings{predicting_cryptocurrency_price_bubbles,
    author={Phillips, Ross C. and Gorse, Denise},
    booktitle={2017 IEEE Symposium Series on Computational Intelligence (SSCI)},   title={Predicting cryptocurrency price bubbles using social media data and epidemic modelling},
    year = {2017},
    month = {11},
    pages={1--7},
    doi={10.1109/SSCI.2017.8280809}
}

@Misc{public_chains_make_private_chains_obsolete,
    author = {Paul Brody},
    year = {2019},
    month = {12},
    day = {06},
    title = {How public blockchains are making private blockchains obsolete},
    howpublished = {[Online] Available: \url{https://go.ey.com/2EbwphF}},
    note = {(Accessed 2022-10-17)},
    journal = {Ernst & Young}
}


%%% Caterpillar %%%
@InProceedings{caterpillar_blockchain_based_bpm_system,
  title={Caterpillar: A Blockchain-Based Business Process Management System},
  author={Orlenys L{\'o}pez-Pintado and Luciano Garc{\'i}a-Ba{\~n}uelos and Marlon Dumas and Ingo Weber},
  booktitle={BPM},
  year={2017}
}

@Article{caterpillar_bp_execution_engine_on_eth,
  title={Caterpillar: A business process execution engine on the Ethereum blockchain},
  author={Orlenys L{\'o}pez-Pintado and Luciano Garc{\'i}a-Ba{\~n}uelos and Marlon Dumas and Ingo Weber and Alexander Ponomarev},
  journal={Software: Practice and Experience},
  year={2019},
  volume={49},
  pages={1162--1193}
}

@InProceedings{optimized_execution_of_bp_using_petri_nets_on_blockchain,
    author="Garc{\'i}a-Ba{\~{n}}uelos, Luciano
    and Ponomarev, Alexander
    and Dumas, Marlon
    and Weber, Ingo",
    editor="Carmona, Josep
    and Engels, Gregor
    and Kumar, Akhil",
    title="Optimized Execution of Business Processes on Blockchain",
    booktitle="Business Process Management",
    year="2017",
    publisher="Springer International Publishing",
    address="Cham",
    pages="130--146",
    isbn="978-3-319-65000-5"
}


%%% Runtime verification for business processes utilizing the Bitcoin blockchain %%%
@Article{runtime_verification_for_bp_utilizing_bitcoin,
    title = {Runtime verification for business processes utilizing the Bitcoin blockchain},
    journal = {Future Generation Computer Systems},
    volume = {107},
    pages = {816--831},
    year = {2020},
    issn = {0167-739X},
    doi = {https://doi.org/10.1016/j.future.2017.08.024},
    url = {https://www.sciencedirect.com/science/article/pii/S0167739X1731837X},
    author = {Christoph Prybila and Stefan Schulte and Christoph Hochreiner and Ingo Weber},
    keywords = {Choreographies, Blockchain, Business process management, Runtime verification},
}

@InProceedings{new_collision_attack_on_md5,
    author={Yu, Wang and Jianhua, Chen and Debiao, He},
    booktitle={2009 International Conference on Networks Security, Wireless Communications and Trusted Computing},
    title={A New Collision Attack on MD5}, 
    year={2009},
    volume={2},
    pages={767--770},
    doi={10.1109/NSWCTC.2009.264}
}

@InProceedings{first_collision_for_full_sha_1,
    author="Stevens, Marc
    and Bursztein, Elie
    and Karpman, Pierre
    and Albertini, Ange
    and Markov, Yarik",
    editor="Katz, Jonathan
    and Shacham, Hovav",
    title="The First Collision for Full SHA-1",
    booktitle="Advances in Cryptology -- CRYPTO 2017",
    year="2017",
    publisher="Springer International Publishing",
    address="Cham",
    pages="570--596",
    abstract="SHA-1 is a widely used 1995 NIST cryptographic hash function standard that was officially deprecated by NIST in 2011 due to fundamental security weaknesses demonstrated in various analyses and theoretical attacks.",
    isbn="978-3-319-63688-7"
}


%%% Blockchain-oriented Inter-organizational Collaboration between Healthcare Providers to Handle the COVID-19 Process %%%
@Article{bo_collaboration_between_healthcare_providers_covid_19,
    title = {Blockchain-oriented Inter-organizational Collaboration between Healthcare Providers to Handle the COVID-19 Process},
    journal = {International Journal of Advanced Computer Science and Applications},
    volume = {12},
    pages = {762--780},
    year = {2021},
    doi = {https://doi.org/10.14569/IJACSA.2021.0121294},
    author = {Ilyass El Kassmi and Zahi Jarir},
    keywords = {Blockchain, inter-organizational collaboration, choreography, permissioned blockchain, business process management, COVID-19}
}


%%% Blockchain-based controlled information sharing in inter-organizational workflows %%%
@InProceedings{blockchain_based_information_sharing_in_io_workflows,
    author = {Rondanini, Christian and Carminati, Barbara and Daidone, Federico and Ferrari, Elena},
    year = {2020},
    month = {11},
    pages = {378--385},
    booktitle = {2020 IEEE International Conference on Services Computing (SCC)},
    title = {Blockchain-based controlled information sharing in inter-organizational workflows},
    doi = {10.1109/SCC49832.2020.00056}
}

@InProceedings{blockchain_for_secure_io_bp,
    author={Carminati, Barbara and Ferrari, Elena and Rondanini, Christian},
    booktitle={2018 IEEE 4th International Conference on Collaboration and Internet Computing (CIC)},
    title={Blockchain as a Platform for Secure Inter-Organizational Business Processes},
    year={2018},
    volume={},
    number={},
    pages={122--129},
    doi={10.1109/CIC.2018.00027}
}


%%% A Lean Architecture for Blockchain Based Decentralized Process Execution %%%
@InBook{lean_architecture_for_blockchain_based_process_execution,
    author = {Sturm, Christian and Szalanczi, Jonas and Schönig, Stefan and Jablonski, Stefan},
    year = {2019},
    month = {01},
    pages = {361--373},
    publisher="Springer International Publishing",
    address="Cham",
    booktitle = {Business Process Management Workshops},
    title = {A Lean Architecture for Blockchain Based Decentralized Process Execution},
    isbn = {978-3-030-11640-8},
    doi = {10.1007/978-3-030-11641-5_29}
}


%%% Interpreted Execution of Business Process Models on Blockchain %%%
@InProceedings{interpreted_bp_on_blockchain_weber,
  author={López-Pintado, Orlenys and Dumas, Marlon and García-Bañuelos, Luciano and Weber, Ingo},
  booktitle={2019 IEEE 23rd International Enterprise Distributed Object Computing Conference (EDOC)}, 
  title={Interpreted Execution of Business Process Models on Blockchain}, 
  year={2019},
  volume={},
  number={},
  pages={206--215},
  doi={10.1109/EDOC.2019.00033}
}


%%% Decentralized Collaborative Business Process Execution Using Blockchain %%%
@Article{interpreted_bp_on_blockchain_loukil,
    author = {Loukil, Faiza and Boukadi, Khouloud and Abed, Mourad and Ghedira, Chirine},
    year = {2021},
    month = {09},
    pages = {19},
    title = {Decentralized Collaborative Business Process Execution Using Blockchain},
    journal = {World Wide Web},
    doi = {10.1007/s11280-021-00901-7}
}


%%% Inter-organizational Business Processes Managed by Blockchain %%%
@InProceedings{inter_organizational_bps_managed_by_blockchain,
    author="Nakamura, Hiroaki
    and Miyamoto, Kohtaroh
    and Kudo, Michiharu",
    editor="Hacid, Hakim
    and Cellary, Wojciech
    and Wang, Hua
    and Paik, Hye-Young
    and Zhou, Rui",
    title="Inter-organizational Business Processes Managed by Blockchain",
    booktitle="Web Information Systems Engineering -- WISE 2018",
    year="2018",
    publisher="Springer International Publishing",
    address="Cham",
    pages="3--17",
    isbn="978-3-030-02922-7"
}


%%% Data-Driven Process Choreography Execution on the Blockchain: A Focus on Blockchain Data Reusability %%%
@InProceedings{data_driven_choreography_data_reusability_lichtenstein,
    author="Lichtenstein, Tom
    and Siegert, Simon
    and Nikaj, Adriatik
    and Weske, Mathias",
    editor="Abramowicz, Witold
    and Klein, Gary",
    title="Data-Driven Process Choreography Execution on the Blockchain: A Focus on Blockchain Data Reusability",
    booktitle="Business Information Systems",
    year="2020",
    publisher="Springer International Publishing",
    address="Cham",
    pages="224--235",
    isbn="978-3-030-53337-3"
}

